<?xml version="1.0" encoding="UTF-8"?><record xmlns="http://www.loc.gov/MARC21/slim" xmlns:cinclude="http://apache.org/cocoon/include/1.0" xmlns:zs="http://www.loc.gov/zing/srw/">
  <leader>00357nz  a2200121n  4500</leader>
  <controlfield tag="001">n  84188580 </controlfield>
  <controlfield tag="003">DLC</controlfield>
  <controlfield tag="005">19841212000000.0</controlfield>
  <controlfield tag="008">841019n| acannaab|          |n aaa |||  </controlfield>
  <datafield tag="010" ind1=" " ind2=" ">
    <subfield code="a">n  84188580 </subfield>
  </datafield>
  <datafield tag="040" ind1=" " ind2=" ">
    <subfield code="a">DLC</subfield>
    <subfield code="c">DLC</subfield>
  </datafield>
  <datafield tag="100" ind1="1" ind2="0">
    <subfield code="a">Riedel, Otto,</subfield>
    <subfield code="d">1906-</subfield>
  </datafield>
  <datafield tag="670" ind1=" " ind2=" ">
    <subfield code="a">His Otto Riedel, Malerei und Graphik, 1922-1982, 1982:</subfield>
    <subfield code="b">t.p. (Otto Riedel) p. 3 (b. 1/8/06; painter)</subfield>
  </datafield>
</record>